%overit citace
@book{Fowler1999,
  address = {Boston, MA, USA},
  author = {Martin Fowler},
  interhash = {955b704413985c65e6a0ba497d70b00e},
  intrahash = {7151885e8b8528651e048242f3527132},
  publisher = {Addison-Wesley},
  title = {Refactoring: Improving the Design of Existing Code},
  year = 1999,
  isbn = {0-201-48567-2},
}

@techreport{umlInfra07,
    author = {Object Management Group},
    month = {November},
    title = {{OMG Unified Modeling Language (OMG UML), Infrastructure, V2.1.2}},
    url = {http://www.omg.org/spec/UML/2.1.2/Infrastructure/PDF},
    year = {2007}
}

@book{uml,
    author = {Arlow, Jim and Neustadt, Ila},
    isbn = {0321321278},
    month = {July},
    publisher = {{Addison-Wesley Professional}},
    title = {{UML 2 and the Unified Process: Practical Object-Oriented Analysis and Design (2nd Edition) (The Addison-Wesley Object Technology Series)}},
    year = {2005}
}

@MISC{Judson_ametamodeling,
    author = {Sheena R. Judson and Doris L. Carver and Robert France},
    title = {A metamodeling approach to model refactoring.},
    year = {2003}
}


@inproceedings{DBLP:conf/uml/StraetenJM04,
  author    = {Ragnhild Van Der Straeten and
               Viviane Jonckers and
               Tom Mens},
  title     = {Supporting Model Refactorings Through Behaviour Inheritance
               Consistencies},
  booktitle = {UML 2004 - The Unified Modeling Language},
  year      = {2004},
  pages     = {305-319},
  ee        = {http://springerlink.metapress.com/openurl.asp?genre=article{\&}issn=0302-9743{\&}volume=3273{\&}spage=305}
  crossref  = {DBLP:conf/uml/2004},
  bibsource = {DBLP, http://dblp.uni-trier.de}
}

@inproceedings{CorreaW04,
  author    = {Alexandre L. Correa and
               Cl{\'a}udia Maria Lima Werner},
  title     = {Applying Refactoring Techniques to UML/OCL Models},
  booktitle = {UML},
  year      = {2004},
  pages     = {173-187},
  ee        = {http://springerlink.metapress.com/openurl.asp?genre=article{\&}issn=0302-9743{\&}volume=3273{\&}spage=173}
  crossref  = {DBLP:conf/uml/2004},
  bibsource = {DBLP, http://dblp.uni-trier.de}
}