@book{Gosling:2005:JLS:1036643,
    author = {Gosling, James and Joy, Bill and Steele, Guy and Bracha, Gilad},
    title = {Java(TM) Language Specification, The (3rd Edition) (Java (Addison-Wesley))},
    year = {2005},
    isbn = {0321246780},
    publisher = {Addison-Wesley Professional}
}

@ARTICLE{35588,
    author={Lieberherr, K.J. and Holland, I.M.},
    journal={Software, IEEE}, title={Assuring good style for object-oriented programs},
    year={1989},
    month=sep,
    volume={6},
    number={5},
    pages={ 38 - 48},
    keywords={ Demeter system; Law of Demeter; class forms; coupling control; encapsulation; good style; high-level interface; information hiding; information localization; information restriction; modularity; object forms; object-oriented programs; structured induction; object-oriented programming; programming environments; user interfaces;},
    doi={10.1109/52.35588},
    ISSN={0740-7459}
}

@ONLINE{wiki:software_design,
    author = "{Přispěvatelé Wikipedie}",
    title = "Software design - Wikipedia, the free encyclopedia",
    cited = "3.\,5.\,2011",
    year = 2011,
    url = "http://en.wikipedia.org/wiki/Software_design"
}

@ONLINE{wiki:oop_design,
    author = "{Přispěvatelé Wikipedie}",
    title = "Object-oriented design - Wikipedia, the free encyclopedia",
    cited = "3.\,5.\,2011",
    year = 2011,
    url = "http://en.wikipedia.org/wiki/Object-oriented_design\#Object-oriented_concepts"
}

@ONLINE{wiki:fault-tolerance,
    author = "{Přispěvatelé Wikipedie}",
    title = "Fault-tolerant system - Wikipedia, the free encyclopedia",
    cited = "3.\,5.\,2011",
    year = 2011,
    url = "http://en.wikipedia.org/wiki/Fault-tolerance"
}

@ONLINE{wiki:coupling,
    author = "{Přispěvatelé Wikipedie}",
    title = "Coupling (computer programming) - Wikipedia, the free encyclopedia",
    cited = "25.\,3.\,2011",
    year = 2011,
    url = "http://en.wikipedia.org/wiki/Coupling_(computer_programming)"
}

@ONLINE{wiki:cohesion,
    author = "{Přispěvatelé Wikipedie}",
    title = "Cohesion (computer science) - Wikipedia, the free encyclopedia",
    cited = "1.\,4.\,2011",
    year = 2011,
    url = "http://en.wikipedia.org/wiki/Cohesion_(computer_science)"
}

@ONLINE{wiki:lod,
    author = "{Přispěvatelé Wikipedie}",
    title = "Law of Demeter - Wikipedia, the free encyclopedia",
    cited = "6.\,4.\,2011",
    year = 2011,
    url = "http://en.wikipedia.org/wiki/Law_of_Demeter"
}

@article {STVR:STVR162,
    author = {Jin, Zhenyi and Offutt, A. Jefferson},
    title = {Coupling-based criteria for integration testing},
    journal = {Software Testing, Verification and Reliability},
    volume = {8},
    number = {3},
    publisher = {John Wiley & Sons, Ltd},
    issn = {1099-1689},
    url = {http://dx.doi.org/10.1002/(SICI)1099-1689(1998090)8:3<133::AID-STVR162>3.0.CO;2-M},
    doi = {10.1002/(SICI)1099-1689(1998090)8:3<133::AID-STVR162>3.0.CO;2-M},
    pages = {133--154},
    keywords = {integration testing, software coupling, software testing},
    year = {1998}
}

@ONLINE{source_code_analysis_corejavatechtips,
    author = "{Richard S.}",
    title = "Source Code Analysis Using Java 6 APIs : Core Java Technologies Tech Tips",
    cited = "27.\,3.\,2011",
    year = 2008,
    url = "http://today.java.net/pub/a/today/2008/04/10/source-code-analysis-using-java-6-compiler-apis.html"
}

@inproceedings{ISI:000079726000029,
    Author = {Kang, BK and Bieman, JM},
    Book-Group-Author = {{KNOWLEDGE SYST INST, KNOWLEDGE SYST INST}},
    Title = {{Using design cohesion to visualize, quantify, and restructure software}},
    Booktitle = {{SEKE `96: THE 8TH INTERNATIONAL CONFERENCE ON SOFTWARE ENGINEERING AND KNOWLEDGE ENGINEERING, PROCEEDINGS}},
    Year = {{1996}},
    Pages = {{222-229}},
    Note = {{8th International Conference on Software Engineering and Knowledge Engineering (SEKE 96), LAKE TAHOE, NV, JUN 10-12, 1996}},
    ISBN = {{0-9641699-3-2}},
    Unique-ID = {{ISI:000079726000029}}
}

@inproceedings{Kang:1996:DCM:872750.873361,
    author = {Kang, Byung-Kyoo and Bieman, James M.},
    title = {Design-Level Cohesion Measures: Derivation, Comparison, and Applications},
    booktitle = {Proceedings of the 20th Conference on Computer Software and Applications},
    series = {COMPSAC '96},
    year = {1996},
    pages = {92--},
    url = {http://portal.acm.org/citation.cfm?id=872750.873361},
    acmid = {873361},
    publisher = {IEEE Computer Society},
    address = {Washington, DC, USA},
}

@ARTICLE{612257,
    author={Pescio, C.},
    journal={Computer}, title={Principles versus patterns},
    year={1997},
    month=sep,
    volume={30},
    number={9},
    pages={130 -131},
    keywords={Feigenbaum Bottleneck;design patterns;design principles;programming;software system;programming;systems analysis;},
    doi={10.1109/2.612257},
    ISSN={0018-9162},
}

@ONLINE{wiki:sdlc,
    author = "{Přispěvatelé Wikipedie}",
    title = "Systems Development Life Cycle - Wikipedia, the free encyclopedia",
    cited = "11.\,4.\,2011",
    year = 2011,
    url = "http://en.wikipedia.org/wiki/Systems_Development_Life_Cycle"
}

@ONLINE{wiki:software_architecture,
    author = "{Přispěvatelé Wikipedie}",
    title = "Software architecture - Wikipedia, the free encyclopedia",
    cited = "11.\,4.\,2011",
    year = 2011,
    url = "http://en.wikipedia.org/wiki/Software_architecture"
}

@ONLINE{wiki:four_plus_one_views,
    author = "{Přispěvatelé Wikipedie}",
    title = "4+1 Architectural View Model - Wikipedia, the free encyclopedia",
    cited = "11.\,4.\,2011",
    year = 2011,
    url = "http://en.wikipedia.org/wiki/4\%2B1_Architectural_View_Model"
}

@ONLINE{wiki:programming_paradigm,
    author = "{Přispěvatelé Wikipedie}",
    title = "Programming paradigm - Wikipedia, the free encyclopedia",
    cited = "11.\,4.\,2011",
    year = 2011,
    url = "http://en.wikipedia.org/wiki/Programming_paradigm"
}

@ONLINE{parsertools:javaparser,
    author = "",
    title = "javaparser - Java 1.5 Parser and AST - Google Project Hosting",
    cited = "1.\,5.\,2011",
    year = 2011,
    url = "http://code.google.com/p/javaparser/"
}

@ONLINE{parsertools:javasourcejavadoc,
    author = "",
    title = "NetBeans API Index",
    cited = "1.\,5.\,2011",
    year = 2011,
    url = "http://bits.netbeans.org/6.9.1/javadoc/"
}

@ONLINE{parsertools:javacc,
    author = "",
    title = "JavaCC Documentation Index",
    cited = "1.\,5.\,2011",
    year = 2011,
    url = "http://www.cs.purdue.edu/homes/hosking/352/javaccdocs/docindex.html"
}

@ONLINE{parsertools:jastadd,
    author = "",
    title = "JastAdd",
    cited = "25.\,4.\,2011",
    year = 2011,
    url = "http://jastadd.org/"
}

@ONLINE{parsertools:jflex,
    author = "",
    title = "JFlex - The Fast Scanner Generator for Java",
    cited = "1.\,5.\,2011",
    year = 2011,
    url = "http://jflex.de/"
}

@ONLINE{parsertools:jlex,
    author = "",
    title = "JLex: A Lexical Analyzer Generator for Java(TM)",
    cited = "1.\,5.\,2011",
    year = 2011,
    url = "http://www.cs.princeton.edu/~appel/modern/java/JLex/"
}

@ONLINE{parsertools:compilertreeapi,
    author = "",
    title = "Compiler Tree API",
    cited = "1.\,5.\,2011",
    year = 2011,
    url = "http://download.oracle.com/javase/6/docs/jdk/api/javac/tree/index.html"
}

@ONLINE{parsertools:spoon,
    author = "",
    title = "Spoon: Program Processing, Analysis, and Transformation in Java",
    cited = "2.\,5.\,2011",
    year = 2011,
    url = "http://spoon.gforge.inria.fr/"
}

@ONLINE{existingtools:soot,
    author = "",
    title = "Soot: a Java Optimization Framework",
    cited = "1.\,5.\,2011",
    year = 2011,
    url = "http://www.sable.mcgill.ca/soot/"
}

@ONLINE{existingtools:pmd,
    author = "",
    title = "PMD",
    cited = "1.\,5.\,2011",
    year = 2011,
    url = "http://pmd.sourceforge.net/"
}

@ONLINE{existingtools:checkstyle,
    author = "",
    title = "checkstyle - Checkstyle 5.3",
    cited = "1.\,5.\,2011",
    year = 2011,
    url = "http://checkstyle.sourceforge.net/"
}

@ONLINE{existingtools:checkstyle-wiki,
    author = "{Přispěvatelé Wikipedie}",
    title = "Checkstyle - Wikipedia, the free encyclopedia",
    cited = "1.\,5.\,2011",
    year = 2011,
    url = "http://en.wikipedia.org/wiki/Checkstyle"
}

@ONLINE{existingtools:findbugs,
    author = "",
    title = "FindBugs TM - Find Bugs in Java Programs",
    cited = "1.\,5.\,2011",
    year = 2011,
    url = "http://findbugs.sourceforge.net/"
}

@ONLINE{existingtools:jdepend,
    author = "",
    title = "JDepend",
    cited = "1.\,5.\,2011",
    year = 2011,
    url = "http://www.clarkware.com/software/JDepend.html"
}

@ONLINE{existingtools:qjpro,
    author = "",
    title = "Code Analyzer for Java",
    cited = "1.\,5.\,2011",
    year = 2011,
    url = "http://qjpro.sourceforge.net"
}

@ONLINE{existingtools:dp-miner,
    author = "",
    title = "DP-Miner, A Tool for Design Pattern Recovery",
    cited = "1.\,5.\,2011",
    year = 2011,
    url = "http://www.utdallas.edu/~yxz045100/DesignPattern/DP_Miner/"
}

@ONLINE{existingtools:macker,
    author = "",
    title = "Macker",
    cited = "1.\,5.\,2011",
    year = 2011,
    url = "http://innig.net/macker/"
}

@INPROCEEDINGS{4273268,
    author={Jing Dong and Yajing Zhao},
    booktitle={Predictor Models in Software Engineering, 2007. PROMISE'07: ICSE Workshops 2007. International Workshop on}, title={Experiments on Design Pattern Discovery},
    year={2007},
    month={may},
    volume={},
    number={},
    pages={12},
    keywords={design pattern discovery;pattern-related information;software system development;software system understanding;system source code;object-oriented programming;public domain software;reverse engineering;},
    doi={10.1109/PROMISE.2007.6},
    ISSN={},
}

@ONLINE{existingtools:squale,
    author = "",
    title = "Squale - Squale: the open source quality and qualimetry project!",
    cited = "1.\,5.\,2011",
    year = 2011,
    url = "http://www.squale.org/"
}

@ONLINE{spi,
    author = "Thribhuvan Thakur",
    title = "Service Provider Interface: Creating Extensible Java Applications",
    cited = "2.\,5.\,2011",
    year = 2011,
    url = "http://www.developer.com/java/article.php/3848881/Service-Provider-Interface-Creating-Extensible-Java-Applications.htm"
}

@BOOK{netbeans_platform,
    author    = "Heiko Bock",
    title     = "Platforma NetBeans : podrobný průvodce programátora",
    publisher = "Computer Press",
    address   = "Brno",
    year      = "2010",
    isbn      = "978-80-251-3116-9"
}

@ONLINE{apidoc:java6api,
    author = "",
    title = "Java TM Platform, Standard Edition 6 API Specification",
    cited = "2.\,5.\,2011",
    url = "http://download.oracle.com/javase/6/docs/api/overview-summary.html"
}

@ONLINE{swengineeringconcepts,
    author={Samil Aydogan},
    title={Design concepts and principles},
    year={2005},
    cited="2.\,5.\,2011",
    url="http://cs.bilgi.edu.tr/pages/courses/year_3/comp_332/Archive/2004-2005/Article.pdf"
}

@ONLINE{oop_design_principles,
    author="",
    title={Design Principles | Object Oriented Design},
    cited="3.\,5.\,2011",
    url="http://www.oodesign.com/design-principles.html"
}

@ONLINE{oop_design_principles_and_patterns,
    author="Robert C. Martin",
    title={Design Principles and Design Patterns},
    cited="3.\,5.\,2011",
    url="http://www.objectmentor.com/resources/articles/Principles_and_Patterns.pdf"
}

%% TODO: smazat, pokud nebylo použito při návrhu
%% * Applying UML and patterns : an introduction to object-oriented analysis and design and iterative development / Craig Larman. -- 3rd ed.. -- Upper Saddle River : Prentice Hall PTR, c2005. -- xxv, 703 s. : il.
